@article{Popper2016ACapitalist,
    title = {{A Venture Fund With Plenty of Virtual Capital, but No Capitalist}},
    year = {2016},
    journal = {New York Times},
    author = {Popper, Nathan},
    month = {5},
    pages = {11--14},
    url = {https://www.nytimes.com/2016/05/22/business/dealbook/crypto-ether-bitcoin-currency.html?_r=1 http://www.nytimes.com/2016/05/22/business/dealbook/crypto-ether-bitcoin-currency.html?_r=1}
}

@article{Nakamoto2008Bitcoin:System,
    title = {{Bitcoin: A Peer-to-Peer Electronic Cash System}},
    year = {2008},
    journal = {Www.Bitcoin.Org},
    author = {Nakamoto, Satoshi},
    pages = {9},
    url = {www.bitcoin.org https://bitcoin.org/bitcoin.pdf},
    isbn = {978-972-757-716-3},
    doi = {10.1007/s10838-008-9062-0},
    issn = {09254560},
    pmid = {14533183},
    arxivId = {43543534534v343453}
}

@misc{Taylor2015Blockchain:Potential,
    title = {{Blockchain: understanding the potential}},
    year = {2015},
    booktitle = {Barclays},
    author = {Taylor, Simon},
    pages = {5},
    url = {www.bitcoin.org https://bitcoin.org/bitcoin.pdf https://www.barclayscorporate.com/content/dam/corppublic/corporate/Documents/insight/blockchain_understanding_the_potential.pdf}
}

@article{Hearn2016Corda:Ledger,
    title = {{Corda: A distributed ledger}},
    year = {2016},
    author = {Hearn, Mike},
    pages = {1--56},
    url = {https://docs.corda.net/_static/corda-technical-whitepaper.pdf}
}

@article{Brown2016Corda:Introduction,
    title = {{Corda: An Introduction}},
    year = {2016},
    journal = {R3 CEV, August},
    author = {Brown, RG and Carlyle, James and Grigg, Ian and Hearn, Mike},
    url = {https://docs.corda.net/_static/corda-introductory-whitepaper.pdf https://www.researchgate.net/profile/Ian_Grigg/publication/308636477_Corda_An_Introduction/links/57e994ed08aed0a291304412.pdf},
    doi = {10.13140/RG.2.2.30487.37284}
}

@article{Building2014Econometric.,
    title = {{Econometric Analysis .}},
    year = {2014},
    author = {Building, Allen},
    edition = {Seventh},
    pages = {1--4},
    publisher = {Pearson},
    address = {Boston},
    isbn = {9780135132456}
}

@misc{Dickson2016ExploitingTechCrunch,
    title = {{Exploiting machine learning in cybersecurity {\_} TechCrunch}},
    year = {2016},
    booktitle = {Techcrunch.com},
    author = {Dickson, Ben},
    url = {https://techcrunch.com/2016/07/01/exploiting-machine-learning-in-cybersecurity/}
}

@article{FriedmanFull-text,
    title = {{full-text}},
    author = {Friedman, Jerome H.},
    url = {https://statweb.stanford.edu/~jhf/ftp/trebst.pdf},
    isbn = {9788578110796},
    doi = {10.1017/CBO9781107415324.004},
    issn = {1098-6596},
    pmid = {25246403},
    arxivId = {arXiv:1011.1669v3}
}

@book{Murphy2012MachinePerspective,
    title = {{Machine Learning: a Probabilistic Perspective}},
    year = {2012},
    booktitle = {Chance encounters: Probability in education},
    author = {Murphy, Kevin P},
    edition = {1 edition},
    pages = {1067},
    publisher = {The MIT Press;},
    url = {http://www.cs.ubc.ca/~murphyk/MLbook/pml-intro-22may12.pdf},
    isbn = {9780262018029},
    doi = {10.1007/SpringerReference{\_}35834},
    issn = {0262018020},
    pmid = {20236947},
    arxivId = {0-387-31073-8}
}

@misc{MonaxBlockchains,
    title = {{Monax | Explainer | Blockchains}},
    url = {https://monax.io/explainers/blockchains/}
}

@misc{MonaxContracts,
    title = {{Monax | Explainer | Smart Contracts}},
    url = {https://monax.io/explainers/smart_contracts/}
}

@misc{MonaxPlatform,
    title = {{Monax | Platform}},
    url = {https://monax.io/platform/}
}

@misc{MulticlassNetwork,
    title = {{Multiclass Neural Network}},
    url = {https://msdn.microsoft.com/en-us/library/azure/dn906030.aspx}
}

@article{Clack2016SmartDirections,
    title = {{Smart Contract Templates: foundations, design landscape and research directions}},
    year = {2016},
    journal = {T Http://Arxiv.Org/Abs/1608.00771},
    author = {Clack, Christopher D. and Bakshi, Vikram A. and Braine, Lee},
    month = {8},
    pages = {1--15},
    url = {http://arxiv.org/abs/1608.00771},
    arxivId = {1608.00771}
}

@book{Hastie2001TheIllustrations,
    title = {{The elements of statistical learning : data mining, inference, and prediction : with 200 full-color illustrations}},
    year = {2001},
    author = {Hastie, Trevor. and Tibshirani, Robert. and Friedman, J. H. (Jerome H.)},
    edition = {2nd},
    pages = {533},
    publisher = {Springer},
    url = {http://www-stat.stanford.edu/~tibs/ElemStatLearn/},
    isbn = {0387952845}
}

@book{Hastie2001TheIllustrationsb,
    title = {{The elements of statistical learning: data mining, inference, and prediction: with 200 full-color illustrations}},
    year = {2001},
    author = {Hastie, Trevor. and Tibshirani, Robert. and Friedman, J H},
    edition = {2nd},
    pages = {533},
    publisher = {Springer},
    url = {http://www-stat.stanford.edu/~tibs/ElemStatLearn/},
    isbn = {0-387-95284-5}
}

@article{ChenUsingData,
    title = {{Using Random Forest to Learn Imbalanced Data}},
    author = {Chen, Chao and Liaw, Andy and Com, Andy Liaw@merck},
    url = {http://statistics.berkeley.edu/sites/default/files/tech-reports/666.pdf}
}